<record><leader>00000cas a22000007a 4500</leader><controlfield tag="001">26794477</controlfield><controlfield tag="008">921016d1959196uctuwr ne      0    0eng d</controlfield><datafield ind1=" " ind2=" " tag="010"><subfield code="a">sn 92051475 </subfield></datafield><datafield ind1=" " ind2=" " tag="040"><subfield code="a">CNW</subfield><subfield code="b">eng</subfield><subfield code="c">CNW</subfield><subfield code="d">OCLCQ</subfield><subfield code="d">OCLCF</subfield><subfield code="d">OCLCO</subfield></datafield><datafield ind1=" " ind2=" " tag="042"><subfield code="a">msc</subfield></datafield><datafield ind1=" " ind2=" " tag="043"><subfield code="a">n-us-ct</subfield></datafield><datafield ind1="0" ind2=" " tag="130"><subfield code="a">Compass (Stonington, Conn.)</subfield></datafield><datafield ind1="1" ind2="0" tag="245"><subfield code="a">Compass.</subfield></datafield><datafield ind1=" " ind2=" " tag="260"><subfield code="a">Stonington, Conn. :</subfield><subfield code="b">Mystic-Stonington Compass</subfield></datafield><datafield ind1=" " ind2=" " tag="300"><subfield code="a">v.</subfield></datafield><datafield ind1=" " ind2=" " tag="310"><subfield code="a">Weekly</subfield></datafield><datafield ind1="0" ind2=" " tag="362"><subfield code="a">Vol. 4, no. 8 (Aug. 27, 1959)-</subfield></datafield><datafield ind1=" " ind2="0" tag="651"><subfield code="a">Stonington (Conn.)</subfield><subfield code="v">Newspapers.</subfield></datafield><datafield ind1=" " ind2="0" tag="651"><subfield code="a">Groton (Conn.)</subfield><subfield code="v">Newspapers.</subfield></datafield><datafield ind1=" " ind2="0" tag="651"><subfield code="a">North Stonington (Conn.)</subfield><subfield code="v">Newspapers.</subfield></datafield><datafield ind1=" " ind2="7" tag="655"><subfield code="a">Newspapers.</subfield><subfield code="2">fast</subfield><subfield code="0">(OCoLC)fst01423814</subfield></datafield><datafield ind1=" " ind2="7" tag="651"><subfield code="a">Connecticut</subfield><subfield code="z">Groton.</subfield><subfield code="2">fast</subfield><subfield code="0">(OCoLC)fst01215072</subfield></datafield><datafield ind1=" " ind2="7" tag="651"><subfield code="a">Connecticut</subfield><subfield code="z">North Stonington.</subfield><subfield code="2">fast</subfield><subfield code="0">(OCoLC)fst01279407</subfield></datafield><datafield ind1=" " ind2="7" tag="651"><subfield code="a">Connecticut</subfield><subfield code="z">Stonington.</subfield><subfield code="2">fast</subfield><subfield code="0">(OCoLC)fst01216240</subfield></datafield><datafield ind1=" " ind2=" " tag="752"><subfield code="a">United States</subfield><subfield code="b">Connecticut</subfield><subfield code="c">New London</subfield><subfield code="d">Stonington.</subfield></datafield><datafield ind1="0" ind2="0" tag="780"><subfield code="t">Mystic-Stonington compass</subfield><subfield code="w">(DLC)sn 92051474</subfield><subfield code="w">(OCoLC)26794467</subfield></datafield><datafield ind1="0" ind2="0" tag="785"><subfield code="t">Compass comment</subfield><subfield code="w">(DLC)sn 92051476</subfield><subfield code="w">(OCoLC)26794486</subfield></datafield></record>